@misc{wiki,
title={k-means clustering},
howpublished={\url{http://en.wikipedia.org/wiki/K-means_clustering}},
note={Accessed: 03-05-2015}
}

@misc{serban-kmeans,
title={A CUDA implementation of the k-means clustering algorithm},
howpublished={\url{https://github.com/serban/kmeans}},
note={Accessed: 03-05-2015}
}

@misc{gpuminer,
title={gpuminer},
howpublished={\url{https://code.google.com/p/gpuminer/}},
note={Accessed: 03-05-2015}
}

@misc{f1,
title="K Means Example Step 1",
author="I, Weston.pace",
note="Licensed under CC BY-SA 3.0 via Wikimedia Commons",
howpublished={\url{http://commons.wikimedia.org/wiki/File:K_Means_Example_Step_1.svg#/media/File:K_Means_Example_Step_1.svg}}
}

@misc{f2,
title="K Means Example Step 2",
author="I, Weston.pace",
note="Licensed under CC BY-SA 3.0 via Wikimedia Commons",
howpublished={\url{http://commons.wikimedia.org/wiki/File:K_Means_Example_Step_2.svg#/media/File:K_Means_Example_Step_2.svg}}
}

@misc{f3,
title="K Means Example Step 3",
author="I, Weston.pace",
note="Licensed under CC BY-SA 3.0 via Wikimedia Commons",
howpublished={\url{http://commons.wikimedia.org/wiki/File:K_Means_Example_Step_3.svg#/media/File:K_Means_Example_Step_3.svg}}
}

@misc{f4,
title="K Means Example Step 4",
author="I, Weston.pace",
note="Licensed under CC BY-SA 3.0 via Wikimedia Commons",
howpublished={\url{http://commons.wikimedia.org/wiki/File:K_Means_Example_Step_4.svg#/media/File:K_Means_Example_Step_4.svg}}
}

@article{k-means-euclidean,
year={2009},
issn={0885-6125},
journal={Machine Learning},
volume={75},
number={2},
doi={10.1007/s10994-009-5103-0},
title={NP-hardness of Euclidean sum-of-squares clustering},
url={http://dx.doi.org/10.1007/s10994-009-5103-0},
publisher={Springer US},
keywords={Clustering; Sum-of-squares; Complexity},
author={Aloise, Daniel and Deshpande, Amit and Hansen, Pierre and Popat, Preyas},
pages={245-248},
language={English}
}

@incollection{k-means-plane,
year={2009},
isbn={978-3-642-00201-4},
booktitle={WALCOM: Algorithms and Computation},
volume={5431},
series={Lecture Notes in Computer Science},
editor={Das, Sandip and Uehara, Ryuhei},
doi={10.1007/978-3-642-00202-1_24},
title={The Planar k-Means Problem is NP-Hard},
url={http://dx.doi.org/10.1007/978-3-642-00202-1_24},
publisher={Springer Berlin Heidelberg},
author={Mahajan, Meena and Nimbhorkar, Prajakta and Varadarajan, Kasturi},
pages={274-285},
language={English}
}
