@misc{wiki,
title={k-means clustering},
howpublished={\url{http://en.wikipedia.org/wiki/K-means_clustering}},
note={Accessed: 03-05-2015}
}

@misc{serban-kmeans,
title={A CUDA implementation of the k-means clustering algorithm},
howpublished={\url{https://github.com/serban/kmeans}},
note={Accessed: 03-05-2015}
}

@misc{gpuminer,
title={gpuminer},
howpublished={\url{https://code.google.com/p/gpuminer/}},
note={Accessed: 03-05-2015}
}

@article{k-means-euclidean,
year={2009},
issn={0885-6125},
journal={Machine Learning},
volume={75},
number={2},
doi={10.1007/s10994-009-5103-0},
title={NP-hardness of Euclidean sum-of-squares clustering},
url={http://dx.doi.org/10.1007/s10994-009-5103-0},
publisher={Springer US},
keywords={Clustering; Sum-of-squares; Complexity},
author={Aloise, Daniel and Deshpande, Amit and Hansen, Pierre and Popat, Preyas},
pages={245-248},
language={English}
}

@incollection{k-means-plane,
year={2009},
isbn={978-3-642-00201-4},
booktitle={WALCOM: Algorithms and Computation},
volume={5431},
series={Lecture Notes in Computer Science},
editor={Das, Sandip and Uehara, Ryuhei},
doi={10.1007/978-3-642-00202-1_24},
title={The Planar k-Means Problem is NP-Hard},
url={http://dx.doi.org/10.1007/978-3-642-00202-1_24},
publisher={Springer Berlin Heidelberg},
author={Mahajan, Meena and Nimbhorkar, Prajakta and Varadarajan, Kasturi},
pages={274-285},
language={English}
}

@misc{cuda-program-guide,
title={CUDA C Programming Guide},
howpublished={\url{http://docs.nvidia.com/cuda/cuda-c-programming-guide/#axzz3Zx22Bd00}},
note={Accessed: 5-12-2015}
}

@misc{kepler-tuning,
title={Kepler Tuning Guide},
howpublished={\url{http://docs.nvidia.com/cuda/kepler-tuning-guide/#axzz3Zx22Bd00}},
note={Accessed: 5-12-2015}
}
