@misc{wiki,
title={k-means clustering},
howpublished={\url{http://en.wikipedia.org/wiki/K-means_clustering}},
note={Accessed: 03-05-2015}
}

@misc{serban-kmeans,
title={A CUDA implementation of the k-means clustering algorithm},
howpublished={\url{https://github.com/serban/kmeans}},
note={Accessed: 03-05-2015}
}

@misc{gpuminer,
title={gpuminer},
howpublished={\url{https://code.google.com/p/gpuminer/}},
note={Accessed: 03-05-2015}
}

@misc{f1,
title="K Means Example Step 1",
author="I, Weston.pace",
note="Licensed under CC BY-SA 3.0 via Wikimedia Commons",
howpublished={\url{http://commons.wikimedia.org/wiki/File:K_Means_Example_Step_1.svg#/media/File:K_Means_Example_Step_1.svg}}
}

@misc{f2,
title="K Means Example Step 2",
author="I, Weston.pace",
note="Licensed under CC BY-SA 3.0 via Wikimedia Commons",
howpublished={\url{http://commons.wikimedia.org/wiki/File:K_Means_Example_Step_2.svg#/media/File:K_Means_Example_Step_2.svg}}
}

@misc{f3,
title="K Means Example Step 3",
author="I, Weston.pace",
note="Licensed under CC BY-SA 3.0 via Wikimedia Commons",
howpublished={\url{http://commons.wikimedia.org/wiki/File:K_Means_Example_Step_3.svg#/media/File:K_Means_Example_Step_3.svg}}
}

@misc{f4,
title="K Means Example Step 4",
author="I, Weston.pace",
note="Licensed under CC BY-SA 3.0 via Wikimedia Commons",
howpublished={\url{http://commons.wikimedia.org/wiki/File:K_Means_Example_Step_4.svg#/media/File:K_Means_Example_Step_4.svg}}
}
